@Book{griff87,
 author = {Griffiths, David},
 title = {Introduction to elementary particles},
 publisher = {Wiley},
 year = {1987},
 address = {New York},
 isbn = {0471603864}
}

@article{lhcb15,
	Author = { LHCb collaboration and R. Aaij and C. Abellán Beteta and B. Adeva and M. Adinolfi and A. Affolder and Z. Ajaltouni and S. Akar and J. Albrecht and F. Alessio and M. Alexander and S. Ali and G. Alkhazov and P. Alvarez Cartelle and A. A. Alves Jr and S. Amato and S. Amerio and Y. Amhis and L. An and L. Anderlini and J. Anderson and R. Andreassen and M. Andreotti and J. E. Andrews and R. B. Appleby and O. Aquines Gutierrez and F. Archilli and A. Artamonov and M. Artuso and E. Aslanides and G. Auriemma and M. Baalouch and S. Bachmann and J. J. Back and A. Badalov and C. Baesso and W. Baldini and R. J. Barlow and C. Barschel and S. Barsuk and W. Barter and V. Batozskaya and V. Battista and A. Bay and L. Beaucourt and J. Beddow and F. Bedeschi and I. Bediaga and S. Belogurov and K. Belous and I. Belyaev and E. Ben-Haim and G. Bencivenni and S. Benson and J. Benton and A. Berezhnoy and R. Bernet and M. -O. Bettler and M. van Beuzekom and A. Bien and S. Bifani and T. Bird and A. Bizzeti and P. M. Bjørnstad and T. Blake and F. Blanc and J. Blouw and S. Blusk and V. Bocci and A. Bondar and N. Bondar and W. Bonivento and S. Borghi and A. Borgia and M. Borsato},
	Title = {Search for the lepton flavour violating decay $\tau^-\to \mu^-\mu^+\mu^-$},
	Year = {2014},
	Eprint = {arXiv:1409.8548},
	Howpublished = {JHEP 02 (2015) 121},
	Doi = {10.1007/JHEP02(2015)121},
}



@misc{kaggleComp,
	Howpublished = {\url{https://kaggle2.blob.core.windows.net/competitions/kaggle/4488/media/lhcb_description_official.pdf}},
	Note = {Accessed: 2017-04-22},
	Title = {Flavours of Physics: Finding tau to triple mu}}
