@misc{quora,
  title = {{About Quora,} Why Quora Exists},
  howpublished = {\url{https://www.quora.com/about}},
  note = {Accessed: 2017-05-08}
}